% This file was created with JabRef 2.3.1.
% Encoding: Cp1252

@PREAMBLE{ "\newcommand{\noopsort}[1]{} "
# "\newcommand{\printfirst}[2]{#1} "
# "\newcommand{\singleletter}[1]{#1} "
# "\newcommand{\switchargs}[2]{#2#1} " }

@book{barnes,
  title={High Itegrity Software The Spark Approach to Safety and Security},
  author={John Barnes},
  year={2006},
  publisher={Addison-Wesley}
}